% This file was created with JabRef 2.5.
% Encoding: ISO8859_1

@MISC{adami2008device,
  author = {Adami, C. A. and Calvi, R. and Patorno, L. and Tuscano, G.},
  title = {Device for sewing elements that can be sutured},
  month = {24~} # jul ,
  note = {US Patent 2008/0177289 A1},
  publisher = {Google Patents},
  address = {Washington},
  year = {2008}  
}

@techreport{astmd6193,
 author = {ASTM-D6193},
 Institution = {American Society for Testing and Materials},
 Title = {Standard practice for stitches and seams},
 number = {D6193-97},
 Type = {ASTM},
 pages = {150},
 address={Filadélfia},
 Year = {1997}
 }

@MISC{badhwar2011automatic,
  author = {Badhwar, V.},
  title = {Automatic suturing apparatus and methods of use},
  month = {3~} # nov ,
  note = {US Patent 2011/0270279 A1},
  publisher = {Google Patents},
  address = {Washington},
  year = {2011}  
}

@MISC{baxter1998blind,
  author = {Baxter, S.},
  title = {Blind stitching apparatus and composite material manufacturing methods},
  month = {3~} # nov ,
  note = {US Patent 5,829,373},
  publisher = {Google Patents},
  address = {Washington},
  year = {1998}  
}

@article{belfiore2000connectivity,
  title={Connectivity and redundancy in spatial robots},
  author={Belfiore, N.P. and Di Benedetto, A.},
  journal={The International Journal of Robotics Research},
  volume={19},
  number={12},
  pages={1245--1261},
  year={2000},
  publisher={SAGE Publications}
}

@MastersThesis{debiasi2001desenvolvimento,
  author = {De Biasi, H. H.},
  title = {Desenvolvimento de uma metodologia de visão computacional para o auxílio no planejamento cirúrgico no implante de próteses endoluminais},
  school = {Universidade Federal de Santa Catarina},
  year = {2001},
}

@inproceedings{brandt2001advanced,
  title={Advanced textile technologies for the cost effective manufacturing of high performance composites},
  author={Brandt, J. and Drechsler, K. and Filsinger, J.},
  booktitle={Proceedings of RTO AVT Specialist Meeting on Low Cost Composite Structures},
  address = {Loen},
  number = {69(II)},
  publisher = {NATO-RTO},
  year={2001}
}

@inproceedings{brandt2002new,
  title={New approaches in textile and impregnation technologies for the cost effective manufacturing of CFRP aerospace components},
  author={Brandt, J{\"u}rgen and Ge{\ss}ler, Andreas and Filsinger, J{\"u}rgen},
  booktitle={Proceedings of 23rd International Congress of Aeronautical Sciences},
  pages={634.1--634.9},
  publisher = {ICAS},
  address = {Toronto},
  year={2002}
}

@ELECTRONIC{brown2007,
  author = {Brown, S.},
  title = {Cycle tyres and tubes},
  url = {http://sheldonbrown.com/tyres.html},
  urlaccessdate={21/08/2013},
  year = {2007},
}

@ELECTRONIC{schroeter2013,
  author = {Schroeter, R. B.},
  title = {Escrita de dissertações e teses - dicas para melhorar},
  url = {http://ppgmec.posgrad.ufsc.br/galeria-de-midias/},
  urlaccessdate={20/04/2016},
  year = {2013},
}


@inproceedings{carboni2007redundancy,
  title={Redundancy and connectivity in kinematic chains},
  author={Carboni, A.P. and Martins, D.},
  booktitle = {Proceedings of 19th International Congress of Mechanical Engineering},
  address = {Brasília},
  publisher = {COBEM},
  year={2007}
}

@MastersThesis{carboni2008analise,
  author = {Carboni, A. P.},
  title = {Análise conceitual de estruturas cinemáticas planas e espaciais},
  school = {Universidade Federal de Santa Catarina},
  year = {2008},
}

@article{carboni2012modelagem,
  title={Modelagem por Helicóides de Restrições Redundantes},
  author={Carboni, A. P. and Simas, H. and Martins, D.},
  journal={Mec{\'a}nica Computacional},
  volume={XXXI},
  pages={2803--2814},
  year={2012}
}

@MastersThesis{carreto2010estudo,
  author = {Carreto, V.},
  title = {Estudo de mecanismos auto-alinháveis usando análise de dependências estáticas e cinemáticas},
  school = {Universidade Federal de Santa Catarina},
  year = {2010},
}

@ELECTRONIC{cartemere2008,
  author = {Cartemere},
  title = {MtbFrameGeometry\_FourBarLinkage.png},
  url = {http://en.wikipedia.org/wiki/File:MtbFrameGeometry\_FourBarLinkage.png},
  urlaccessdate={07/02/2013},
  year = {2008},
  note = {Altura = 768 pixels. Largura: 1024. Formato PNG.}
}

@inproceedings{cazangi2007kinematic,
  title={Kinematic analysis of automotive gearbox mechanisms using Davies' method},
  author={Cazangi, H. R. and Martins, D.},
  booktitle={Proceedings of 19th International Congress of Mechanical Engineering},
  address = {Brasília},
  publisher = {COBEM},
  year={2007}
}

@book{davidson2004robots,
  title={Robots and Screw Theory: Applications of Kinematics and Statics to Robotics},
  author={Davidson, J. K. and Hunt, T. K. H.},
  year={2004},
  publisher={Oxford University Press},
  address = {New York}
}

@MISC{egan1995automatic,
  author = {Egan, T. D.},
  title = {Automatic suturing device},
  month = {23~} # may ,
  note = {US Patent 5,417,700},
  address = {Washington},
  publisher = {Google Patents},
  year = {1995}
}

@article{farrell1977ongraphical,
  title = {On graphical partitions and planarity},
  author = {E.J. Farrell},  
  journal = {Discrete Mathematics},
  volume = {18},
  number = {2},
  pages = {149 - 153},
  year = {1977},
}

@article{gogu2005mobility,
  title = {Mobility of mechanisms: a critical review},
  author = {Grigore Gogu},
  journal = {Mechanism and Machine Theory},
  volume = {40},
  number = {9},
  pages = {1068 - 1097},
  year = {2005}
}

@book{gogu2009structural,
  title={Structural Synthesis of Parallel Robots: Part 1: Methodology},
  author={Gogu, G.},
  series={Solid Mechanics and Its Applications Series},
  year={2009},
  publisher={Springer London, Limited}
}

@MISC{griffith2008curved,
  author = {Griffith, D. B.},
  title = {Curved needle suturing tools},
  month = {30~} # oct ,
  note = {US Patent 2008/0269783 A1},
  address = {Washington},  
  publisher = {Google Patents},
  year = {2008}  
}

@book{hartenberg1964kinematic,
  title={Kinematic synthesis of linkages},
  author={Hartenberg, R. S. and Denavit, J.},
  year={1964},
  publisher={McGraw-Hill},
  address = {New York}
}

@book{hunt1978kinematic,
  title={Kinematic geometry of mechanisms},
  author={Hunt, K. H.},
  series={Oxford engineering science series},
  year={1978},
  publisher={Clarendon Press},
  address = {Oxford}
}

@article{ionescu2003terminology,
  title={Terminology for mechanisms and machine science},
  author={Ionescu, T.},
  journal={Mechanism and Machine Theory},
  volume={38},
  number={7-10},
  pages={819--825},
  year={2003}
}

@techreport{iso4915,
 author = {ISO-4915},
 Institution = {International Organization for Standardization},
 Title = {Textiles - Stitch types - Classification and terminology},
 number = {4915:1991},
 Type = {ISO},
 pages = {48},
 address = {Genebra},
 Year = {1991}
 }

@MISC{keilmann2002blind,
  author = {Keilmann, R.},
  title = {Blind stitch sewing mechanism},
  month = {29~} # oct ,
  note = {US Patent 6,470,814 B2},
  address = {Washington},
  publisher = {Google Patents},
  year = {2002}
}

@article{koissin2006surface,
  title={On-surface fibre-free zones and irregularity of piercing pattern in structurally stitched NCF preforms},
  author={Koissin, V. and Ruopp, A. and Lomov, S.V. and Verpoest, I. and Witzel, V. and Drechsler, K.},
  journal={Advanced composites letters},
  volume={15},
  number={3},
  pages={81--88},
  year={2006}
}

@book{kong2007type,
  title={Type Synthesis of Parallel Mechanisms},
  author={Kong, X. and Gosselin, C.},
  series={Springer Tracts in Advanced Robotics},
  year={2007},
  publisher={Springer-Verlag Berlin Heidelberg}
}

@ELECTRONIC{ksl2013,
  author = {KSL, Keilmann Group},
  title = {KSL Keilmann Sondermaschinenbau},
  url = {http://www.ksl-lorsch.de/},
  urlaccessdate={19/02/2013},
  year = {2013}
}

@article{laus2012efficiency,
title = {Efficiency of gear trains determined using graph and screw theories},
author = {Laus, L. P. and Simas, H. and Martins, D.},
journal = {Mechanism and Machine Theory},
volume = {52},
number = {0},
pages = {296 - 325},
year = {2012}
}

@article{li2004displacements,
  title={Displacement manifold method for type synthesis of lower-mobility parallel mechanisms},
  author={Li, Qinchuan and Huang, Zhen and Hervé, JacquesMarie},
  journal={Science in China Series E: Technological Sciences},
  publisher={Science in China Press},
  volume={47},
  number={6},
  pages={641-650},
  year={2004}
}

@article{martins2008variety,
  title = {Variety and connectivity in kinematic chains},
  author = {Daniel Martins and Andrea Piga Carboni},
  journal = {Mechanism and Machine Theory},
  volume = {43},
  number = {10},
  pages = {1236 - 1252},
  year = {2008}
}

@article{martins2010fractionation,
  title = {Fractionation in planar kinematic chains: Reconciling enumeration contradictions},
  author = {D. Martins and R. Simoni and A.P. Carboni},
  journal = {Mechanism and Machine Theory},
  volume = {45},
  number = {11},
  pages = {1628 - 1641},
  year = {2010}
}

@MISC{moll1988surgical,
  author = {Moll, A. R. and Schlondorff, R. G.},
  title = {Surgical suturing machine},
  month = {31~} # may ,
  note = {US Patent 4,747,358},
  publisher = {Google Patents},
  address = {Washington},
  year = {1988}  
}

@article{mruthyunjaya2003kinematic,
  title={Kinematic structure of mechanisms revisited},
  author={Mruthyunjaya, T. S.},
  journal={Mechanism and machine theory},
  volume={38},
  number={4},
  pages={279--320},
  year={2003},
  publisher={Elsevier}
}

@techreport{nbr13483,
 author = {NBR-13483},
 Institution = {Associação Brasileira de Normas Técnicas},
 Title = {Material têxtil - Tipos de pontos},
 number = {13483},
 Type = {NBR},
 pages = {21},
 address = {São Paulo},
 Year = {1995}
 }

@MISC{nomoto1984suturing,
  author = {Nomoto, R. and Takahashi, M. and Ebata, Y.},
  title = {Suturing instrument for surgical operation},
  month = {27~} # nov ,
  note = {US Patent 4,484,580},
  publisher = {Google Patents},
  address = {Washington},
  year = {1984}  
}

@MastersThesis{rampinelli2000tratamento,
  author = {Rampinelli, A.},
  title = {Tratamento endovascular do aneurisma da aorta abdominal: estudo experimenta},
  school = {Universidade Federal de Santa Catarina},
  year = {2000},
}

@ELECTRONIC{raupp2011,
  author = {Raupp, E.},
  title = {2.jpg},
  url = {http://dreduardoraupp.com.br/img/2.jpg},
  note = {Altura = 165 pixels. Largura: 600. Formato JPG.},
  urlaccessdate={21/10/2011},
  year = {2011}
}
%  url = {http://dreduardoraupp.com.br/tratamento\_aneurisma.php},

@book{reshetov1982self,
  title={Self-aligning mechanisms},
  author={Reshetov, L.N.},
  year={1982},
  publisher={Mir Publishers},
  address = {Moscou}
}

@MISC{rioux2004remotely,
  author = {Rioux, R. F. and Sauvageau, D. J.},
  title = {Remotely-reloadable suturing},
  month = {25~} # nov ,
  note = {US Patent 2004/0236356 A1},
  address = {Washington},
  publisher = {Google Patents},
  year = {2004}  
}

@ARTICLE{saadi2006tratamento,
  author = {Saadi, E. K and Gastaldo, F. and Dussin, L. H. and Zago, A. J. and Barbosa, G. and Moura, L.},
  title = {Tratamento endovascular de aneurismas de aorta abdominal: experiência inicial e resultados a curto e médio prazo},
  journal = {Brazilian Journal of Cardiovascular Surgery},
  year = {2006},
  volume = {21},
  pages = {211--216},
  number = {2}
}

@MastersThesis{santos2011contribuicoes,
  author = {Santos, J. V. B.},
  title = {Contribuições para o projeto de manipuladores paralelos através da síntese do tipo},
  school = {Universidade Federal de Santa Catarina},
  year = {2011},
}

@MISC{shonteff2009micro,
  author = {Shonteff, H. and Chambers, F. H.},
  title = {Micro sewing device},
  month = {10~} # sep ,
  note = {US Patent 2009/0223426 A1},
  address = {Washington},
  publisher = {Google Patents},
  year = {2009}  
}

@inproceedings{sickinger2001structural,
  title={Structural stitching as a method to design high-performance composites in future},
  author={Sickinger, C and Herrmann, A},
  booktitle={Proceedings of 11th International TechTextil Symposium for Technical Textiles, Nonwovens and Textile-Reinforced Materials},
  publisher = {Elf  Atochem},
  address = {Braunschweig},
  year={2001}
}

@PhdThesis{simas2008planejamento,
  title={Planejamento de trajet{\'o}rias e evitamento de colis{\~a}o em tarefas de manipuladores reduntantes operando em ambientes confinados},
  author={Simas, H.},
  school = {Universidade Federal de Santa Catarina},
  year={2008}
}

@article{simas2009new,
  title={A new method to solve robot inverse kinematics using Assur virtual chains},
  author={Simas, H and Guenther, R and da Cruz, DFM and Martins, D},
  journal={Robotica},
  volume={27},
  number={07},
  pages={1017--1026},
  year={2009},
  publisher={Cambridge Univ Press}
}

@techreport{simas2003development,
  title={Development of an algorithm to trajectory planning of redundant robots in confined spaces},
  author={SIMAS, H. and MARTINS, D. and GUENTHER, R.},
  institutions = {Universidade Federal de Santa Catarina},
  year={2003},
  address = {Florianópolis}
}

@MastersThesis{simoni2008sintese,
  author = {Simoni, R.},
  title = {Síntese estrutural de cadeias cinemáticas e mecanismos},
  school = {Universidade Federal de Santa Catarina},
  year = {2008},
}

@PhdThesis{simoni2010contribuicoes,
  title={Contribuições para a enumeração e para a análise de mecanismos e manipuladores paralelos},
  author={Simoni, R.},
  school = {Universidade Federal de Santa Catarina},
  year={2010}
}

@inproceedings{simoni2011enumerationreview,
  title={Enumeration of kinematic chains and mechanisms review},
  author={Simoni, R. and Carboni, AP and Simas, H. and Martins, D.},
  booktitle={Proceedings of 13th World Congress in Mechanism and Machine Science},
  publisher = {IFToMM},
  address = {Guanajuato},
  year={2011}
}

@article{simoni2009enumerationofkinematicchains,
  author = {Simoni, R. and Carboni, A. P. and Martins, D.}, 
  title = {Enumeration of kinematic chains and mechanisms},
  journal = {Proceedings of the Institution of Mechanical Engineers, Part C: Journal of Mechanical Engineering Science},
  volume = {223}, 
  number = {4}, 
  pages = {1017-1024}, 
  year = {2009}
}

@article{simoni2009enumeration,
 author = {Simoni, R. and Carboni, A. P. and Martins, D.},
 title = {Enumeration of parallel manipulators},
 journal = {Robotica},
 volume = {27},
 number = {4},
 month = {jul},
 year = {2009},
 pages = {589--597},
 numpages = {9},
 publisher = {Cambridge University Press},
 address = {New York}
} 

@inproceedings{simoni2007criteria,
  title={Criteria for structural synthesis and classification of mechanisms},
  author={Simoni, R. and Martins, D.},
  booktitle = {Proceedings of 19th International Congress of Mechanical Engineering},
  publisher = {COBEM},
  address = {Brasília},
  year={2007}
}

@ELECTRONIC{site2011,
  author = {SITE},
  title = {{Serviço Integrado de Técnicas Endovasculares}},
  url = {http://www.siteendovascular.com/cirurgia-endovascular.php},
  urlaccessdate={21/10/2011},
  year = {2011},
}

@ELECTRONIC{solent2013,
  author = {Solent},
  title = {{Solent Sewing and Welding Solutions}},
  url = {http://www.solentsew.co.uk/categories/Product-by-industry/Filters,-Ducting-and-CIPP/},
  urlaccessdate={09/10/2013},
  year = {2013},
}

@ARTICLE{srikrishnan2011robotics,
  author = {Srikrishnan, M. R. and Parthiban, M. and Viju, S.},
  title = {Robotics: a High Tech revolution in apparel manufacturing and technology},
  journal = {International Journal of Textile and Fashion Technology},
  year = {2011},
  volume = {1},
  pages = {11--20},
  number = {1}
}

@MISC{stokes2007method,
  author = {Stokes, M. J. and Albrecht, T. E. and Ortiz, M. S. and Zeiner, M. S. and Zwolinski A. M. and Shelton IV, F. F.},
  title = {Method for instrument insertion through a body orifice},
  month = {11~} # oct ,
  note = {US Patent 2007/0239177 A1},
  publisher = {Google Patents},
  address = {Washington},
  year = {2007}  
}

@article{sunkari2006structural,
  title = {Structural synthesis of planar kinematic chains by adapting a Mckay-type algorithm},
  author = {Rajesh P. Sunkari and Linda C. Schmidt},
  journal = {Mechanism and Machine Theory},
  volume = {41},
  number = {9},
  pages = {1021 - 1030},
  year = {2006}
}

@inproceedings{szydlowski2000self,
  title={Self-aligning mechanisms, forgotten part of ME curriculum},
  author={Szydlowski, W. M.},
  booktitle={Proceedings of ASEE Annual Conference},
  pages={18--21},
  address = {St. Louis},
  publisher = {ASEE},
  year={2000}
}

@article{thurm2004application,
  title={Application areas of one-side stitching technique},
  author={Thurm, Thorsten},
  journal={Technische Textilien},
  volume={47},
  number={3},
  pages={122--123},
  year={2004},
  publisher={HOECHST}
}

@PhdThesis{tischler1995alternative,
  title={Alternative Structures for Robot Hands},
  author={Tischler, C.},
  school = {University of Melbourne},
  year={1995},
  publisher={University of Melbourne}
}

@article{tischler1995kinematicI,
  title={Kinematic chains for robot hands - I. Orderly number-synthesis},
  author={Tischler, C. and Samuel, A. and Hunt, K.},
  journal={Mechanism and Machine Theory},
  volume={30},
  number={8},
  pages={1193--1215},
  year={1995},
  publisher={Elsevier}
}

@article{tischler1995kinematicII,
  title = {Kinematic chains for robot hands - II. Kinematic constraints, classification, connectivity, and actuation},
  author = {C.R Tischler and A.E Samuel and K.H Hunt},
  journal = {Mechanism and Machine Theory},
  volume = {30},
  number = {8},
  pages = {1217 - 1239},
  year = {1995},
}

@article{tischler2001selecting,
  title={Selecting multi-freedom multi-loop kinematic chains to suit a given task},
  author={Tischler, C. and Samuel, A. and Hunt, K.},
  journal={Mechanism and machine theory},
  volume={36},
  number={8},
  pages={925--938},
  year={2001},
  publisher={Elsevier}
}

@book{tsai1999robot,
  title={Robot Analysis: The Mechanics of Serial and Parallel Manipulators},
  author={Tsai, L. W.},
  series={Wiley-Interscience publication},
  year={1999},
  address = {New York},
  publisher={Wiley}
}

@book{tsai2000mechanism,
  title={Mechanism Design: Enumeration of Kinematic Structures According to Function},
  author={Tsai, L.W.},
  series={Mechanical Engineering Series},
  year={2000},
  address = {Boca Raton},
  publisher={CRC press}
}

@article{udakhe2011sewing,
  title={Sewing threads and their technical applications},
  author={Udakhe, J. and Basuk, M.},
  journal={Fibre2fashion},
  year={2011}
}

@book{verdonck2008advances,
  title={Advances in biomedical engineering},
  author={Verdonck, Pascal},
  year={2008},
  publisher={Elsevier Science Limited},
  address = {Oxford}
}

@inproceedings{wittig2001recent,
  title={Recent development in the robotic stitching technology for textile structural composites},
  author={Wittig, J.},
  booktitle={Proceedings of International Sampe Technical Conference},
  volume={33},
  pages={540--550},
  address = {Seattle},
  publisher = {SAMPE},
  year={2001}
}

@MISC{yamamoto2007endoscopic,
  author = {Yamamoto, T. and Chung, S. C.},
  title = {Endoscopic suturing device},
  month = {13~} # feb ,
  note = {US Patent 7,175,636 B2},
  address = {Washington},
  publisher = {Google Patents},
  year = {2007}  
}

@book{yan1999creative,
  title={Creative Design of Mechanical Devices},
  author={Yan, H. S.},
  year={1999},
  address = {Singapura},
  publisher={Springer}
}


@article{zhao2009stitched,
  title={Stitched glass/PP composite. Part I: Tensile and impact properties},
  author={Zhao, N. and R{\"o}del, H. and Herzberg, C. and Gao, S.L. and Krzywinski, S.},
  journal={Composites Part A: Applied Science and Manufacturing},
  volume={40},
  number={5},
  pages={635--643},
  year={2009},
  publisher={Elsevier}
}
